
@inproceedings{cablelabs,
 author = {Babaei, A. and Andreoli-Fang, J. and Hamzeh, B.}, 
 title = {On the Impact of {LTE-U} on {Wi-Fi} Performance},
 booktitle = {{IEEE 802.19-14/0037r0}},
 year = {2014}
}


@inproceedings{jian2015coexistence,
  title={Coexistence of Wi-Fi and LAA-LTE: Experimental evaluation, analysis and insights},
  author={Jian, Yubing and Shih, Chao-Fang and Krishnaswamy, Bhuvana and Sivakumar, Raghupathy},
  booktitle={Communication Workshop (ICCW), 2015 IEEE International Conference on},
  year={2015},
  organization={IEEE}
}



@inproceedings{stewart2015ziria,
  title={Ziria: A DSL for wireless systems programming},
  author={Stewart, Gordon and Gowda, Mahanth and Mainland, Geoffrey and Radunovic, Bozidar and Vytiniotis, Dimitrios and Agull{\'o}, Cristina Luengo},
  booktitle={Proceedings of the Twentieth International Conference on Architectural Support for Programming Languages and Operating Systems},
  year={2015},
  organization={ACM}
}



@inproceedings{chai2016lte,
  title={LTE in unlicensed spectrum: are we there yet?},
  author={Chai, Eugene and Sundaresan, Karthik and Khojastepour, Mohammad A and Rangarajan, Sampath},
  booktitle={Proceedings of the 22nd Annual International Conference on Mobile Computing and Networking},
  pages={135--148},
  year={2016},
  organization={ACM}
}

@misc{wifialliance,
 title = {Wi-Fi Alliance},
 howpublished = "\url{http://www.wi-fi.org/}"
}


@misc{bladeRF,
 author = {Nuand},
 title = {bladeRF},
 howpublished = "\url{https://www.nuand.com/}"
}


@misc{sora,
 author = {Microsoft Research},
 title = {Microsoft Research Software Radio (Sora)},
 howpublished = "\url{http://research.microsoft.com/en-us/projects/sora/}"
}

@misc{bilibili,
 title = {Bilibili},
 howpublished = "\url{http://www.bilibili.com}"
}



@inproceedings{jian2015coexistence,
  title={Coexistence of Wi-Fi and LAA-LTE: Experimental evaluation, analysis and insights},
  author={Jian, Yubing and Shih, Chao-Fang and Krishnaswamy, Bhuvana and Sivakumar, Raghupathy},
  booktitle={Communication Workshop (ICCW), 2015 IEEE International Conference on},
  year={2015},
  organization={IEEE}
}



@inproceedings{lteuforum_csat,
 author = {Qualcomm},
 title = {{LTE-U} Technology and Coexistence},
 organization = {LTE-U Forum},
 howpublished = "\url{http://www.lteuforum.org/}",
 year = {2015}
}


@inproceedings{lteuforum_lteu,
 author = {Alcatel-Lucent, Ericsson, LG Electronics and Qualcomm, etc.}, 
 title = {{LTE-U} {SDL} Coexistence Specifications},
 organization = {LTE-U Forum},
 month = {October},
 year = {2015}
}



@inproceedings{meraki_sigcomm15,
  author = {Biswas, Sanjit and Bicket, John and Wong, Edmund and Musaloiu-E, Raluca and Bhartia, Apurv and Aguayo Dan},
  title = {Large-scale measurements of wireless network behavior},
  booktitle={Sigcomm},
  year={2015}
}


@techreport{tfrc_rfc,
  author = {Floyd, Sally and Handley, Mark and Padhye, Jitu and Widmer Joerg},
  title = {{RFC} 5348: {TCP} Friendly Rate Control ({TFRC}): Protocol Specification},
  HOWPUBLISHED = {Internet Requests for Comments},
  TYPE="{RFC}",
  NUMBER=5348,
}


@misc{minstrel,
 title = {Minstrel specification},
 howpublished = "\url{http://madwifi-project.org/browser/madwifi/trunk/ ath_rate/minstrel/minstrel.txt}"
}

@inproceedings{qualcommpresentation,
 author = {Qualcomm},
 title = {Making Best Use of Unlicensed Spectrum},
 organization = {Qualcomm},
 howpublished = "\url{https://www.qualcomm.com/documents/}",
 year = {2015}
}

@inproceedings{qualcommiccw,
  title={Extending LTE to unlicensed band-Merit and coexistence},
  author={Sadek, Ahmed K and Kadous, Tamer and Tang, Kai and Lee, Heechoon and Fan, Mingxi},
  booktitle={Communication Workshop (ICCW), 2015 IEEE International Conference on},
  pages={2344--2349},
  year={2015},
  organization={IEEE}
}

@inproceedings{simulation1,
  title={Co-existence analysis of duty cycle method with Wi-Fi in unlicensed bands},
  author={Choi, Suna and Park, Seungkeun},
  booktitle={Information and Communication Technology Convergence (ICTC), 2015 International Conference on},
  pages={894--897},
  year={2015},
  organization={IEEE}
}

@inproceedings{simulation2,
  title={Performance evaluation of LTE and Wi-Fi coexistence in unlicensed bands},
  author={Cavalcante, Andre M and Almeida, Eduardo and Vieira, Robson D and Chaves, Fabiano and Paiva, Rafael CD and Abinader, Fuad and Choudhury, Sankhayan and Tuomaala, Esa and Doppler, Klaus},
  booktitle={Vehicular Technology Conference (VTC Spring), 2013 IEEE 77th},
  pages={1--6},
  year={2013},
  organization={IEEE}
}

@inproceedings{simulation3,
  title={System performance of LTE and IEEE 802.11 coexisting on a shared frequency band},
  author={Nihtila, Timo and Tykhomyrov, Vitaliy and Alanen, Olli and Uusitalo, Mikko A and Sorri, Antti and Moisio, Martti and Iraji, Sassan and Ratasuk, Rapeepat and Mangalvedhe, Nitin},
  booktitle={2013 IEEE Wireless Communications and Networking Conference (WCNC)},
  year={2013}
}

@inproceedings{solution1,
  title={CU-LTE: Spectrally-Efficient and Fair Coexistence between LTE and Wi-Fi in Unlicensed Bands},
  author={Guan, Zhangyu and Melodia, Tommaso},
  booktitle={INFOCOM},
  year={2016},
  organization={IEEE}
}

@inproceedings{solution2,
  title={Coordinated dynamic spectrum management of LTE-U and Wi-Fi networks},
  author={Sagari, Shweta and Baysting, Samuel and Saha, Dola and Seskar, Ivan and Trappe, Wade and Raychaudhuri, Dipankar},
  booktitle={Dynamic Spectrum Access Networks (DySPAN), 2015 IEEE International Symposium on},
  pages={209--220},
  year={2015},
  organization={IEEE}
}

@inproceedings{solution3,
  title={Supporting WiFi and LTE co-existence},
  author={Yun, Sangki and Qiu, Lili},
  booktitle={Computer Communications (INFOCOM), 2015 IEEE Conference on},
  pages={810--818},
  year={2015},
  organization={IEEE}
}

@misc{wifimarket1,
 title = {Wi-Fi Market Research},
 howpublished = "\url{https://www.abiresearch.com/market-research/product/1021328-wi-fi/}"
}

@misc{wifimarket2,
 title = {Wi-Fi Chipset Shipments Will Near 18 Billion Chips},
 howpublished = "\url{https://www.abiresearch.com/press/wi-fi-chipset-shipments-will-near-18-billion-chips/}"
}

@misc{x12,
 author = {Qualcomm},
 title = {{LTE-U/LAA}, {MuLTEfire} and {Wi-Fi}; making best use of unlicensed spectrum},
 howpublished = "\url{https://www.qualcomm.com/media/documents/}"
}


@misc{s7,
 author = {Qualcomm},
 title = {Samsung unveils the Galaxy S7 and S7 edge, powered by Snapdragon 820},
 howpublished = "\url{https://www.qualcomm.com/news/snapdragon/2016/02/21/}"
}


@inproceedings{cts-to-self,
  title={Expanding the use of {CTS-to-Self} mechanism for reliable broadcasting on {IEEE} 802.11 networks },
  author={Chousidis, C. and Nilavalan, R. and Lipan, L. },
  booktitle={International Wireless Communications and Mobile Computing Conference ({IWCMC})},
  year={2014},
  organization={IEEE}
}


@misc{google,
 author = {Jindal, N. and Breslin, D.},
 title = {{LTE} and {Wi-Fi} in Unlicensed Spectrum: A Coexistence Study},
 howpublished = "\url{http://apps.fcc.gov/ecfs/document/view?id=60001078145}"
}


@misc{OpenLTEU,
 title = {Open {LTE-U} Platform},
 howpublished = "\url{https://github.com/Microsoft/OTP4LTE-U}"
}


@misc{openwrt,
 author = {OpenWRT},
 howpublished = "\url{https://openwrt.org/}"
}


@misc{ddwrt,
 author = {DD-WRT},
 howpublished = "\url{https://www.dd-wrt.com/}"
}






